@incollection{NIPS2013_5039,
title = {Distributed Submodular Maximization: Identifying Representative Elements in Massive Data},
author = {Mirzasoleiman, Baharan and Karbasi, Amin and Sarkar, Rik and Krause, Andreas},
booktitle = {Advances in Neural Information Processing Systems 26},
editor = {C.J.C. Burges and L. Bottou and M. Welling and Z. Ghahramani and K.Q. Weinberger},
pages = {2049--2057},
year = {2013},
publisher = {Curran Associates, Inc.},
url = {http://papers.nips.cc/paper/5039-distributed-submodular-maximization-identifying-representative-elements-in-massive-data.pdf}
}

@article{nemhauser1978analysis,
  title={An analysis of approximations for maximizing submodular set functionsâ€”I},
  author={Nemhauser, George L and Wolsey, Laurence A and Fisher, Marshall L},
  journal={Mathematical Programming},
  volume={14},
  number={1},
  pages={265--294},
  year={1978},
  publisher={Springer}
}

@article{krause2012submodular,
  title={Submodular function maximization},
  author={Krause, Andreas and Golovin, Daniel},
  journal={Tractability: Practical Approaches to Hard Problems},
  volume={3},
  year={2012}
}

# Remove
@book{bringhurst1996ets,
  title={{The Elements of Typographic Style}},
  author={Bringhurst, Robert},
  year={1996},
  publisher={Hartley \& Marks}
}
